<?xml version="1.0" encoding="UTF-8"?><collection xmlns="http://www.loc.gov/MARC21/slim"><record><leader>00435nam--2200145-i-4500</leader><controlfield tag="001">000029989</controlfield><controlfield tag="002">20161230</controlfield><controlfield tag="005">20161230201038</controlfield><controlfield tag="008">060222s1000------------r-----000-0-eng-d</controlfield><datafield ind1=" " ind2=" " tag="080"><subfield code="a">02</subfield></datafield><datafield ind1=" " ind2=" " tag="100"><subfield code="a">Kyle, Barbara Et Vickery, B.C</subfield></datafield><datafield ind1=" " ind2=" " tag="245"><subfield code="a">La classification decimale universelle. tendences actuelles</subfield></datafield><datafield ind1=" " ind2=" " tag="260"><subfield code="a">Paris, Unesco, 1961. 37p</subfield></datafield><datafield ind1=" " ind2=" " tag="490"><subfield code="a">Bull.De L`Unesco A L`Intention Des Bibliotheques, Xv(1961),Nr.2,3</subfield></datafield><datafield ind1=" " ind2=" " tag="852"><subfield code="a">25760</subfield></datafield></record></collection>